@article{Currie:2018fgr,
    author = "Currie, J. and Gehrmann, T. and Glover, E. W. N. and Huss, A. and Niehues, J. and Vogt, A.",
    title = "{N$^{3}$LO corrections to jet production in deep inelastic scattering using the Projection-to-Born method}",
    eprint = "1803.09973",
    archivePrefix = "arXiv",
    primaryClass = "hep-ph",
    reportNumber = "CERN-TH-2018-056, IPPP/18/21, ZU-TH 12/18, LTH 1155, IPPP-18-21, ZU-TH-12-18, LTH-1155",
    doi = "10.1007/JHEP05(2018)209",
    journal = "JHEP",
    volume = "05",
    pages = "209",
    year = "2018"
}

@article{Gehrmann:2018odt,
    author = "Gehrmann, T. and Huss, A. and Niehues, J. and Vogt, A. and Walker, D. M.",
    title = "{Jet production in charged-current deep-inelastic scattering to third order in QCD}",
    eprint = "1812.06104",
    archivePrefix = "arXiv",
    primaryClass = "hep-ph",
    reportNumber = "CERN-TH-2018-272, IPPP/18/108, ZU-TH 45/18, LTH 1188, IPPP-18-108, ZU-TH-45-18, LTH-1188",
    doi = "10.1016/j.physletb.2019.03.003",
    journal = "Phys. Lett. B",
    volume = "792",
    pages = "182--186",
    year = "2019"
}

@article{Vermaseren:2005qc,
    author = "Vermaseren, J. A. M. and Vogt, A. and Moch, S.",
    title = "{The Third-order QCD corrections to deep-inelastic scattering by photon exchange}",
    eprint = "hep-ph/0504242",
    archivePrefix = "arXiv",
    reportNumber = "NIKHEF-05-006, DCPT-05-28, IPPP-05-14, DESY-05-063, SFB-CPP-05-13",
    doi = "10.1016/j.nuclphysb.2005.06.020",
    journal = "Nucl. Phys. B",
    volume = "724",
    pages = "3--182",
    year = "2005"
}

@article{Moch:2004xu,
    author = "Moch, S. and Vermaseren, J. A. M. and Vogt, A.",
    title = "{The Longitudinal structure function at the third order}",
    eprint = "hep-ph/0411112",
    archivePrefix = "arXiv",
    reportNumber = "SFB-CPP-04-65, DCPT-04-130, IPPP-04-65, NIKHEF-04-013, DESY-04-210",
    doi = "10.1016/j.physletb.2004.11.063",
    journal = "Phys. Lett. B",
    volume = "606",
    pages = "123--129",
    year = "2005"
}

@article{Moch:2008fj,
    author = "Moch, S. and Vermaseren, J. A. M. and Vogt, A.",
    title = "{Third-order QCD corrections to the charged-current structure function F(3)}",
    eprint = "0812.4168",
    archivePrefix = "arXiv",
    primaryClass = "hep-ph",
    reportNumber = "DESY-08-197, SFB-CPP-08-105, NIKHEF-08-032, LTH-815",
    doi = "10.1016/j.nuclphysb.2009.01.001",
    journal = "Nucl. Phys. B",
    volume = "813",
    pages = "220--258",
    year = "2009"
}

@article{Dreyer:2018qbw,
    author = "Dreyer, Fr\'ed\'eric A. and Karlberg, Alexander",
    title = "{Vector-Boson Fusion Higgs Pair Production at N$^3$LO}",
    eprint = "1811.07906",
    archivePrefix = "arXiv",
    primaryClass = "hep-ph",
    reportNumber = "OUTP-18-09P, ZU-TH 38/18",
    doi = "10.1103/PhysRevD.98.114016",
    journal = "Phys. Rev. D",
    volume = "98",
    number = "11",
    pages = "114016",
    year = "2018"
}

@article{Dreyer:2018rfu,
    author = "Dreyer, Fr\'ed\'eric A. and Karlberg, Alexander",
    title = "{Fully differential Vector-Boson Fusion Higgs Pair Production at Next-to-Next-to-Leading Order}",
    eprint = "1811.07918",
    archivePrefix = "arXiv",
    primaryClass = "hep-ph",
    doi = "10.1103/PhysRevD.99.074028",
    journal = "Phys. Rev. D",
    volume = "99",
    number = "7",
    pages = "074028",
    year = "2019"
}

@article{Borsa:2020ulb,
    author = "Borsa, Ignacio and de Florian, Daniel and Pedron, Iv\'an",
    title = "{Jet Production in Polarized Deep Inelastic Scattering at Next-to-Next-to-Leading Order}",
    eprint = "2005.10705",
    archivePrefix = "arXiv",
    primaryClass = "hep-ph",
    doi = "10.1103/PhysRevLett.125.082001",
    journal = "Phys. Rev. Lett.",
    volume = "125",
    number = "8",
    pages = "082001",
    year = "2020"
}

@article{Borsa:2020yxh,
    author = "Borsa, Ignacio and de Florian, Daniel and Pedron, Iv\'an",
    title = "{Inclusive-jet and dijet production in polarized deep inelastic scattering}",
    eprint = "2010.07354",
    archivePrefix = "arXiv",
    primaryClass = "hep-ph",
    doi = "10.1103/PhysRevD.103.014008",
    journal = "Phys. Rev. D",
    volume = "103",
    number = "1",
    pages = "014008",
    year = "2021"
}

@book{Devenish:2004pb,
    author = "Devenish, R. and Cooper-Sarkar, A.",
    title = "{Deep inelastic scattering}",
    doi = "10.1093/acprof:oso/9780198506713.001.0001",
    year = "2004"
}

@article{vanNeerven:1999ca,
    author = "van Neerven, W. L. and Vogt, A.",
    title = "{NNLO evolution of deep inelastic structure functions: The Nonsinglet case}",
    eprint = "hep-ph/9907472",
    archivePrefix = "arXiv",
    reportNumber = "INLO-PUB-14-99",
    doi = "10.1016/S0550-3213(99)00668-9",
    journal = "Nucl. Phys. B",
    volume = "568",
    pages = "263--286",
    year = "2000"
}

@article{vanNeerven:2000uj,
    author = "van Neerven, W. L. and Vogt, A.",
    title = "{NNLO evolution of deep inelastic structure functions: The Singlet case}",
    eprint = "hep-ph/0006154",
    archivePrefix = "arXiv",
    reportNumber = "INLO-PUB-04-00",
    doi = "10.1016/S0550-3213(00)00480-6",
    journal = "Nucl. Phys. B",
    volume = "588",
    pages = "345--373",
    year = "2000"
}

@article{Cacciari:2015jma,
    author = "Cacciari, Matteo and Dreyer, Fr\'ed\'eric A. and Karlberg, Alexander and Salam, Gavin P. and Zanderighi, Giulia",
    title = "{Fully Differential Vector-Boson-Fusion Higgs Production at Next-to-Next-to-Leading Order}",
    eprint = "1506.02660",
    archivePrefix = "arXiv",
    primaryClass = "hep-ph",
    reportNumber = "CERN-PH-TH-2015-127, OUTP-15-12P",
    doi = "10.1103/PhysRevLett.115.082002",
    journal = "Phys. Rev. Lett.",
    volume = "115",
    number = "8",
    pages = "082002",
    year = "2015",
    note = "[Erratum: Phys.Rev.Lett. 120, 139901 (2018)]"
}

@article{Salam:2008qg,
    author = "Salam, Gavin P. and Rojo, Juan",
    title = "{A Higher Order Perturbative Parton Evolution Toolkit (HOPPET)}",
    eprint = "0804.3755",
    archivePrefix = "arXiv",
    primaryClass = "hep-ph",
    doi = "10.1016/j.cpc.2008.08.010",
    journal = "Comput. Phys. Commun.",
    volume = "180",
    pages = "120--156",
    year = "2009"
}


@article{Davies:2016ruz,
    author = "Davies, J. and Vogt, A. and Moch, S. and Vermaseren, J. A. M.",
    title = "{Non-singlet coefficient functions for charged-current deep-inelastic scattering to the third order in QCD}",
    eprint = "1606.08907",
    archivePrefix = "arXiv",
    primaryClass = "hep-ph",
    reportNumber = "LTH-1089, DESY-16-110, NIKHEF-2016-030",
    doi = "10.22323/1.265.0059",
    journal = "PoS",
    volume = "DIS2016",
    pages = "059",
    year = "2016"
}

@article{Catani:1996vz,
    author = "Catani, S. and Seymour, M. H.",
    title = "{A General algorithm for calculating jet cross-sections in NLO QCD}",
    eprint = "hep-ph/9605323",
    archivePrefix = "arXiv",
    reportNumber = "CERN-TH-96-029, CERN-TH-96-29",
    doi = "10.1016/S0550-3213(96)00589-5",
    journal = "Nucl. Phys. B",
    volume = "485",
    pages = "291--419",
    year = "1997",
    note = "[Erratum: Nucl.Phys.B 510, 503--504 (1998)]"
}

@article{Graudenz:1997gv,
    author = "Graudenz, Dirk",
    title = "{Disaster++: Version 1.0}",
    eprint = "hep-ph/9710244",
    archivePrefix = "arXiv",
    month = "10",
    year = "1997"
}

% DIS in NLOJET:
@article{Nagy:2001xb,
    author = "Nagy, Zoltan and Trocsanyi, Zoltan",
    title = "{Multijet cross-sections in deep inelastic scattering at next-to-leading order}",
    eprint = "hep-ph/0104315",
    archivePrefix = "arXiv",
    reportNumber = "IPPP-01-18, DCPT-01-36",
    doi = "10.1103/PhysRevLett.87.082001",
    journal = "Phys. Rev. Lett.",
    volume = "87",
    pages = "082001",
    year = "2001"
}